@Article{VanVeen2019,
  author  = {Van Veen, Gijsbrecht and Barachant, Alexandre and Andreev, Anton and Cattan, Gr{\'e}goire and Rodrigues, Pedro Coelho and Congedo, Marco},
  journal = {arXiv preprint arXiv:1905.05182},
  title   = {Building brain invaders: EEG data of an experimental validation},
  year    = {2019},
  groups  = {ERP},
}

@Article{Vaineau2019,
  author  = {Vaineau, Erwan and Barachant, Alexandre and Andreev, Anton and Rodrigues, Pedro C and Cattan, Gr{\'e}goire and Congedo, Marco},
  journal = {arXiv preprint arXiv:1904.09111},
  title   = {Brain invaders adaptive versus non-adaptive P300 brain-computer interface dataset},
  year    = {2019},
  groups  = {ERP},
}

@PhdThesis{Korczowski2019,
  author = {Korczowski, Louis and Ostaschenko, Ekaterina and Andreev, Anton and Cattan, Gr{\'e}goire and Rodrigues, Pedro Luiz Coelho and Gautheret, Violette and Congedo, Marco},
  school = {GIPSA-lab},
  title  = {Brain Invaders calibration-less P300-based BCI using dry EEG electrodes Dataset (bi2014a)},
  year   = {2019},
  groups = {ERP},
}

@PhdThesis{Korczowski2019a,
  author = {Korczowski, Louis and Ostaschenko, Ekaterina and Andreev, Anton and Cattan, Gr{\'e}goire and Rodrigues, Pedro Luiz Coelho and Gautheret, Violette and Congedo, Marco},
  school = {GIPSA-lab},
  title  = {Brain invaders solo versus collaboration: Multi-user P300-based brain-computer interface dataset (bi2014b)},
  year   = {2019},
  groups = {ERP},
}

@PhdThesis{Korczowski2019b,
  author = {Korczowski, Louis and Cederhout, Martine and Andreev, Anton and Cattan, Gr{\'e}goire and Rodrigues, Pedro Luiz Coelho and Gautheret, Violette and Congedo, Marco},
  school = {GIPSA-lab},
  title  = {Brain Invaders calibration-less P300-based BCI with modulation of flash duration Dataset (bi2015a)},
  year   = {2019},
  groups = {ERP},
}

@PhdThesis{Korczowski2019c,
  author = {Korczowski, Louis and Cederhout, Martine and Andreev, Anton and Cattan, Gr{\'e}goire and Rodrigues, Pedro Luiz Coelho and Gautheret, Violette and Congedo, Marco},
  school = {GIPSA-lab},
  title  = {Brain invaders cooperative versus competitive: Multi-user p300-based brain-computer interface dataset (bi2015b)},
  year   = {2019},
  groups = {ERP},
}

@Article{Riccio2013,
  author    = {Riccio, Angela and Simione, Luca and Schettini, Francesca and Pizzimenti, Alessia and Inghilleri, Maurizio and Belardinelli, Marta Olivetti and Mattia, Donatella and Cincotti, Febo},
  journal   = {Frontiers in human neuroscience},
  title     = {Attention and P300-based BCI performance in people with amyotrophic lateral sclerosis},
  year      = {2013},
  issn      = {1662-5161},
  pages     = {732},
  volume    = {7},
  doi       = {10.3389/fnhum.2013.00732},
  groups    = {ERP},
  publisher = {Frontiers Media SA},
}

@Article{Arico2014,
  author    = {Aric{\`o}, Pietro and Aloise, F and Schettini, Francesca and Salinari, Serenella and Mattia, D and Cincotti, Febo},
  journal   = {Journal of neural engineering},
  title     = {Influence of P300 latency jitter on event related potential-based brain--computer interface performance},
  year      = {2014},
  number    = {3},
  pages     = {035008},
  volume    = {11},
  groups    = {ERP},
  publisher = {IOP Publishing},
}

@Article{Guger2009,
  author    = {Guger, Christoph and Daban, Shahab and Sellers, Eric and Holzner, Clemens and Krausz, Gunther and Carabalona, Roberta and Gramatica, Furio and Edlinger, Guenter},
  journal   = {Neuroscience letters},
  title     = {How many people are able to control a P300-based brain--computer interface (BCI)?},
  year      = {2009},
  number    = {1},
  pages     = {94--98},
  volume    = {462},
  groups    = {ERP},
  publisher = {Elsevier},
}

@Article{Cattan2019,
  author  = {Cattan, Gr{\'e}goire and Andreev, Anton and Rodrigues, P and Congedo, Marco},
  journal = {arXiv preprint arXiv:1903.11297},
  title   = {Dataset of an EEG-based BCI experiment in Virtual Reality and on a Personal Computer},
  year    = {2019},
  groups  = {ERP},
}

@Article{Goncharenko2020,
  author  = {Goncharenko, Vladislav and Grigoryan, Rafael and Samokhina, Alina},
  journal = {arXiv preprint arXiv:2005.02251},
  title   = {Raccoons vs Demons: Multiclass labeled P300 dataset},
  year    = {2020},
  eprint  = {2005.02251},
  groups  = {ERP},
}

@Article{Hoffmann2008,
  author    = {Hoffmann, Ulrich and Vesin, Jean-Marc and Ebrahimi, Touradj and Diserens, Karin},
  journal   = {Journal of Neuroscience methods},
  title     = {An efficient P300-based brain--computer interface for disabled subjects},
  year      = {2008},
  number    = {1},
  pages     = {115--125},
  volume    = {167},
  groups    = {ERP},
  publisher = {Elsevier},
}

@Article{Kappenman2021,
  author    = {Kappenman, Emily S and Farrens, Jaclyn L and Zhang, Wendy and Stewart, Andrew X and Luck, Steven J},
  journal   = {NeuroImage},
  title     = {ERP CORE: An open resource for human event-related potential research},
  year      = {2021},
  pages     = {117465},
  volume    = {225},
  groups    = {ERP},
  publisher = {Elsevier},
}

@Article{Huebner2017,
  author    = {H{\"u}bner, David and Verhoeven, Thibault and Schmid, Konstantin and M{\"u}ller, Klaus-Robert and Tangermann, Michael and Kindermans, Pieter-Jan},
  journal   = {PloS one},
  title     = {Learning from label proportions in brain-computer interfaces: Online unsupervised learning with guarantees},
  year      = {2017},
  number    = {4},
  pages     = {e0175856},
  volume    = {12},
  groups    = {ERP},
  publisher = {Public Library of Science San Francisco, CA USA},
}

@Article{Huebner2018,
  author    = {H{\"u}bner, David and Verhoeven, Thibault and M{\"u}eller, Klaus-Robert and Kindermans, Pieter-Jan and Tangermann, Michael},
  journal   = {IEEE Computational Intelligence Magazine},
  title     = {Unsupervised learning for brain-computer interfaces based on event-related potentials: Review and online comparison [research frontier]},
  year      = {2018},
  issn      = {1556-6048},
  month     = may,
  number    = {2},
  pages     = {66--77},
  volume    = {13},
  doi       = {10.1109/mci.2018.2807039},
  groups    = {ERP},
  publisher = {IEEE},
}

@Article{Lee2019,
  author    = {Lee, Min-Ho and Kwon, O-Yeon and Kim, Yong-Jeong and Kim, Hong-Kyung and Lee, Young-Eun and Williamson, John and Fazli, Siamac and Lee, Seong-Whan},
  journal   = {GigaScience},
  title     = {EEG dataset and OpenBMI toolbox for three BCI paradigms: An investigation into BCI illiteracy},
  year      = {2019},
  number    = {5},
  pages     = {giz002},
  volume    = {8},
  groups    = {ERP},
  publisher = {Oxford University Press},
}

@Article{Sosulski2019,
  author    = {Sosulski, Jan and Tangermann, Michael},
  title     = {Electroencephalogram signals recorded from 13 healthy subjects during an auditory oddball paradigm under different stimulus onset asynchrony conditions},
  year      = {2019},
  doi       = {https://doi.org/10.6094/unifr/154576},
  groups    = {ERP},
  keywords  = {612},
  language  = {en},
  publisher = {Albert-Ludwigs-Universit√§t Freiburg},
}

@PhdThesis{Barachant2012,
  author = {Barachant, Alexandre},
  school = {Universit{\'e} de Grenoble},
  title  = {Commande robuste d'un effecteur par une interface cerveau machine EEG asynchrone},
  year   = {2012},
  groups = {MI},
}

@InProceedings{Wei2022,
  author       = {Wei, Xiaoxi and Faisal, A Aldo and Grosse-Wentrup, Moritz and Gramfort, Alexandre and Chevallier, Sylvain and Jayaram, Vinay and Jeunet, Camille and Bakas, Stylianos and Ludwig, Siegfried and Barmpas, Konstantinos and others},
  booktitle    = {NeurIPS 2021 Competitions and Demonstrations Track},
  title        = {2021 BEETL competition: Advancing transfer learning for subject independence and heterogenous EEG data sets},
  year         = {2022},
  organization = {PMLR},
  pages        = {205--219},
  eprint       = {2202.12950},
  groups       = {MI},
}

@Article{Tangermann2012,
  author    = {Tangermann, Michael and M{\"u}ller, Klaus-Robert and Aertsen, Ad and Birbaumer, Niels and Braun, Christoph and Brunner, Clemens and Leeb, Robert and Mehring, Carsten and Miller, Kai J and M{\"u}ller-Putz, Gernot R and others},
  journal   = {Frontiers in neuroscience},
  title     = {Review of the BCI competition IV},
  year      = {2012},
  issn      = {1662-4548},
  pages     = {55},
  volume    = {6},
  doi       = {10.3389/fnins.2012.00055},
  groups    = {MI},
  publisher = {Frontiers Research Foundation},
}

@Article{Leeb2007,
  author    = {Leeb, Robert and Lee, Felix and Keinrath, Claudia and Scherer, Reinhold and Bischof, Horst and Pfurtscheller, Gert},
  journal   = {IEEE Transactions on Neural Systems and Rehabilitation Engineering},
  title     = {Brain--computer communication: motivation, aim, and impact of exploring a virtual apartment},
  year      = {2007},
  issn      = {1558-0210},
  month     = dec,
  number    = {4},
  pages     = {473--482},
  volume    = {15},
  doi       = {10.1109/tnsre.2007.906956},
  groups    = {MI},
  publisher = {IEEE},
}

@Article{Steyrl2016,
  author    = {Steyrl, David and Scherer, Reinhold and Faller, Josef and M{\"u}ller-Putz, Gernot R},
  journal   = {Biomedical Engineering/Biomedizinische Technik},
  title     = {Random forests in non-invasive sensorimotor rhythm brain-computer interfaces: a practical and convenient non-linear classifier},
  year      = {2016},
  issn      = {0013-5585},
  month     = feb,
  number    = {1},
  pages     = {77--86},
  volume    = {61},
  doi       = {10.1515/bmt-2014-0117},
  groups    = {MI},
  publisher = {De Gruyter},
}

@Article{Faller2012,
  author    = {Faller, Josef and Vidaurre, Carmen and Solis-Escalante, Teodoro and Neuper, Christa and Scherer, Reinhold},
  journal   = {IEEE Transactions on Neural Systems and Rehabilitation Engineering},
  title     = {Autocalibration and recurrent adaptation: Towards a plug and play online ERD-BCI},
  year      = {2012},
  issn      = {1558-0210},
  month     = may,
  number    = {3},
  pages     = {313--319},
  volume    = {20},
  doi       = {10.1109/tnsre.2012.2189584},
  groups    = {MI},
  publisher = {IEEE},
}

@Article{Scherer2015,
  author    = {Scherer, Reinhold and Faller, Josef and Friedrich, Elisabeth VC and Opisso, Eloy and Costa, Ursula and K{\"u}bler, Andrea and M{\"u}ller-Putz, Gernot R},
  journal   = {PloS one},
  title     = {Individually adapted imagery improves brain-computer interface performance in end-users with disability},
  year      = {2015},
  issn      = {1932-6203},
  month     = may,
  number    = {5},
  pages     = {e0123727},
  volume    = {10},
  doi       = {10.1371/journal.pone.0123727},
  editor    = {Bianchi, Luigi},
  groups    = {MI},
  publisher = {Public Library of Science San Francisco, CA USA},
}

@Article{Cho2017,
  author    = {Cho, Hohyun and Ahn, Minkyu and Ahn, Sangtae and Kwon, Moonyoung and Jun, Sung Chan},
  journal   = {GigaScience},
  title     = {EEG datasets for motor imagery brain--computer interface},
  year      = {2017},
  issn      = {2047-217X},
  month     = may,
  number    = {7},
  pages     = {gix034},
  volume    = {6},
  doi       = {10.1093/gigascience/gix034},
  groups    = {MI},
  publisher = {Oxford University Press},
}

@Article{Pillette2021,
  author    = {Pillette, L{\'e}a and Roc, Aline and N‚Äôkaoua, Bernard and Lotte, Fabien},
  journal   = {International Journal of Human-Computer Studies},
  title     = {Experimenters' influence on mental-imagery based brain-computer interface user training},
  year      = {2021},
  pages     = {102603},
  volume    = {149},
  groups    = {MI},
  publisher = {Elsevier},
}

@Article{GrosseWentrup2009,
  author    = {Grosse-Wentrup, Moritz and Liefhold, Christian and Gramann, Klaus and Buss, Martin},
  journal   = {IEEE Transactions on Biomedical Engineering},
  title     = {Beamforming in noninvasive brain--computer interfaces},
  year      = {2009},
  number    = {4},
  pages     = {1209--1219},
  volume    = {56},
  groups    = {MI},
  publisher = {IEEE},
}

@Article{Liu2024,
  author    = {Liu, Haijie and Wei, Penghu and Wang, Haochong and Lv, Xiaodong and Duan, Wei and Li, Meijie and Zhao, Yan and Wang, Qingmei and Chen, Xinyuan and Shi, Gaige and others},
  journal   = {Scientific Data},
  title     = {An EEG motor imagery dataset for brain computer interface in acute stroke patients},
  year      = {2024},
  number    = {1},
  pages     = {131},
  volume    = {11},
  groups    = {MI},
  publisher = {Nature Publishing Group UK London},
}

@Article{Ofner2017,
  author    = {Ofner, Patrick and Schwarz, Andreas and Pereira, Joana and M{\"u}ller-Putz, Gernot R},
  journal   = {PloS one},
  title     = {Upper limb movements can be decoded from the time-domain of low-frequency EEG},
  year      = {2017},
  number    = {8},
  pages     = {e0182578},
  volume    = {12},
  groups    = {MI},
  publisher = {Public Library of Science San Francisco, CA USA},
}

@Article{Goldberger2000,
  author    = {Goldberger, Ary L and Amaral, Luis AN and Glass, Leon and Hausdorff, Jeffrey M and Ivanov, Plamen Ch and Mark, Roger G and Mietus, Joseph E and Moody, George B and Peng, Chung-Kang and Stanley, H Eugene},
  journal   = {circulation},
  title     = {PhysioBank, PhysioToolkit, and PhysioNet: components of a new research resource for complex physiologic signals},
  year      = {2000},
  number    = {23},
  pages     = {e215--e220},
  volume    = {101},
  groups    = {MI},
  publisher = {Lippincott Williams \& Wilkins},
}

@Article{Schirrmeister2017,
  author    = {Schirrmeister, Robin Tibor and Springenberg, Jost Tobias and Fiederer, Lukas Dominique Josef and Glasstetter, Martin and Eggensperger, Katharina and Tangermann, Michael and Hutter, Frank and Burgard, Wolfram and Ball, Tonio},
  journal   = {Human brain mapping},
  title     = {Deep learning with convolutional neural networks for EEG decoding and visualization},
  year      = {2017},
  number    = {11},
  pages     = {5391--5420},
  volume    = {38},
  eprint    = {1703.05051},
  groups    = {MI},
  publisher = {Wiley Online Library},
}

@Article{Shin2016,
  author    = {Shin, Jaeyoung and von L{\"u}hmann, Alexander and Blankertz, Benjamin and Kim, Do-Won and Jeong, Jichai and Hwang, Han-Jeong and M{\"u}ller, Klaus-Robert},
  journal   = {IEEE Transactions on Neural Systems and Rehabilitation Engineering},
  title     = {Open access dataset for EEG+ NIRS single-trial classification},
  year      = {2016},
  number    = {10},
  pages     = {1735--1745},
  volume    = {25},
  groups    = {MI},
  publisher = {IEEE},
}

@Article{Stieger2021,
  author    = {Stieger, James R and Engel, Stephen A and He, Bin},
  journal   = {Scientific Data},
  title     = {Continuous sensorimotor rhythm based brain computer interface learning in a large population},
  year      = {2021},
  number    = {1},
  pages     = {98},
  volume    = {8},
  groups    = {MI},
  publisher = {Nature Publishing Group UK London},
}

@Article{Yi2014,
  author    = {Yi, Weibo and Qiu, Shuang and Wang, Kun and Qi, Hongzhi and Zhang, Lixin and Zhou, Peng and He, Feng and Ming, Dong},
  journal   = {PloS one},
  title     = {Evaluation of EEG oscillatory patterns and cognitive process during simple and compound limb motor imagery},
  year      = {2014},
  number    = {12},
  pages     = {e114853},
  volume    = {9},
  groups    = {MI},
  publisher = {Public Library of Science San Francisco, USA},
}

@Article{Zhou2016,
  author    = {Zhou, Bangyan and Wu, Xiaopei and Lv, Zhao and Zhang, Lei and Guo, Xiaojin},
  journal   = {PloS one},
  title     = {A fully automated trial selection method for optimization of motor imagery based brain-computer interface},
  year      = {2016},
  number    = {9},
  pages     = {e0162657},
  volume    = {11},
  groups    = {MI},
  publisher = {Public Library of Science San Francisco, CA USA},
}

@Comment{jabref-meta: databaseType:bibtex;}

@Comment{jabref-meta: grouping:
0 AllEntriesGroup:;
1 StaticGroup:ERP\;0\;1\;\;\;\;;
1 StaticGroup:MI\;0\;1\;\;\;\;;
}
