@Article{Phan2010,
  author    = {Phan, Anh Huy and Cichocki, Andrzej},
  journal   = {Nonlinear Theory and Its Applications, IEICE},
  title     = {Tensor decompositions for feature extraction and classification of high dimensional datasets},
  year      = {2010},
  issn      = {2185-4106},
  number    = {1},
  pages     = {37--68},
  volume    = {1},
  doi       = {https://doi.org/10.1587/nolta.1.37},
  publisher = {Institute of Electronics, Information and Communications Engineers (IEICE)},
}

@Article{Jorajuria2022,
  author    = {Jorajuría, Tania and Jamshidi Idaji, Mina and İşcan, Zafer and Gómez, Marisol and Nikulin, Vadim V. and Vidaurre, Carmen},
  journal   = {Neurocomputing},
  title     = {Oscillatory Source Tensor Discriminant Analysis (OSTDA): A regularized tensor pipeline for SSVEP-based BCI systems},
  year      = {2022},
  issn      = {0925-2312},
  month     = jul,
  pages     = {664--675},
  volume    = {492},
  doi       = {https://doi.org/10.1016/j.neucom.2021.07.103},
  publisher = {Elsevier BV},
}

@Article{Ledoit2003,
  author    = {Ledoit, Olivier and Wolf, Michael NMI},
  journal   = {SSRN Electronic Journal},
  title     = {Honey, I Shrunk the Sample Covariance Matrix},
  year      = {2003},
  issn      = {1556-5068},
  doi       = {https://dx.doi.org/10.2139/ssrn.433840},
  publisher = {Elsevier BV},
}

@Article{Lathauwer2000,
  author    = {De Lathauwer, Lieven and De Moor, Bart and Vandewalle, Joos},
  journal   = {SIAM Journal on Matrix Analysis and Applications},
  title     = {A Multilinear Singular Value Decomposition},
  year      = {2000},
  issn      = {1095-7162},
  month     = jan,
  number    = {4},
  pages     = {1253--1278},
  volume    = {21},
  doi       = {https://doi.org/10.1137/S0895479896305696},
  publisher = {Society for Industrial & Applied Mathematics (SIAM)},
}

@Article{Haufe2014,
  author    = {Haufe, Stefan and Meinecke, Frank and Görgen, Kai and Dähne, Sven and Haynes, John-Dylan and Blankertz, Benjamin and Bießmann, Felix},
  journal   = {NeuroImage},
  title     = {On the interpretation of weight vectors of linear models in multivariate neuroimaging},
  year      = {2014},
  issn      = {1053-8119},
  month     = feb,
  pages     = {96--110},
  volume    = {87},
  doi       = {https://doi.org/10.1016/j.neuroimage.2013.10.067},
  publisher = {Elsevier BV},
}

@Comment{jabref-meta: databaseType:bibtex;}
